@MANUAL{ tep106:2003,
  author =      "Philip Levis / Cory Sharp FIXME",
  title =       "{Scheduler and Tasks}",
  address =     "Treitlstr. 3/3/182-1, 1040 Vienna, Austria",
  type =        "CHANGE ME",
  school =      "CHANGE ME",
  note =         {Available at \url{http://www.tinyos.net/tinyos-2.x/doc/html/tep106.html}}
}

@mastersthesis{ kraut:2003,
  author =      "H. Kraut",
  title =       "{Signalverarbeitung mittels eines Neuronalen Netzwerkes f{\"u}r einen Smart Sensor}",
  address =     "Treitlstr. 3/3/182-1, 1040 Vienna, Austria",
  type =        "Bachelor's Thesis",
  school =      "Technische Universit{\"a}t Wien, Institut f{\"u}r Technische Informatik",
  year =        "2003"
}

@INPROCEEDINGS{elmenreich:2005,
  AUTHOR =       {W. Elmenreich and S. Pitzek},
  TITLE =        {Smart Transducers -- Principles, Communications, and Configuration},
  BOOKTITLE =    {Intelligent Systems at the Service of Mankind},
  YEAR =         {2005},
  editor =       {W. Elmenreich, J. A. T. Machado, and I. J. Rudas},
  volume =       {II},
  pages =        {175-186},
  month =        dec,
  publisher =    {Ubooks},
}

@PhDThesis{   elmenreich:2002,
  author    = "W. Elmenreich",
  title     = "Sensor Fusion in Time-Triggered Systems",
  address   = "Vienna, Austria",
  school    = "Technische Universit{\"a}t Wien, Institut f{\"u}r
          Technische Informatik",
  year      = "2002"
}
